<record><leader>00000cas a2200000 a 4500</leader><controlfield tag="001">17319548</controlfield><controlfield tag="008">880108c19099999wauwr ne      0    0eng d</controlfield><datafield ind1=" " ind2=" " tag="010"><subfield code="a">sn 88085072 </subfield></datafield><datafield ind1=" " ind2=" " tag="040"><subfield code="a">SLZ</subfield><subfield code="b">eng</subfield><subfield code="c">SLZ</subfield><subfield code="d">OCL</subfield><subfield code="d">OCLCQ</subfield><subfield code="d">OCLCF</subfield><subfield code="d">OCLCO</subfield></datafield><datafield ind1="1" ind2=" " tag="029"><subfield code="a">AU@</subfield><subfield code="b">000020499226</subfield></datafield><datafield ind1=" " ind2=" " tag="042"><subfield code="a">msc</subfield></datafield><datafield ind1=" " ind2=" " tag="043"><subfield code="a">n-us-wa</subfield></datafield><datafield ind1=" " ind2="4" tag="050"><subfield code="a">AN2.S73</subfield><subfield code="b">S73</subfield></datafield><datafield ind1="0" ind2="4" tag="245"><subfield code="a">The Sprague advocate.</subfield></datafield><datafield ind1=" " ind2=" " tag="260"><subfield code="a">Sprague, Wash. :</subfield><subfield code="b">A.C. Schrader</subfield></datafield><datafield ind1=" " ind2=" " tag="300"><subfield code="a">v.</subfield></datafield><datafield ind1=" " ind2=" " tag="310"><subfield code="a">Weekly</subfield></datafield><datafield ind1="0" ind2=" " tag="362"><subfield code="a">Vol. 13, no. 14 (Aug. 27, 1909)-</subfield></datafield><datafield ind1=" " ind2="0" tag="651"><subfield code="a">Sprague (Wash.)</subfield><subfield code="v">Newspapers.</subfield></datafield><datafield ind1=" " ind2="7" tag="655"><subfield code="a">Newspapers.</subfield><subfield code="2">fast</subfield><subfield code="0">(OCoLC)fst01423814</subfield></datafield><datafield ind1=" " ind2="7" tag="651"><subfield code="a">Washington (State)</subfield><subfield code="z">Sprague.</subfield><subfield code="2">fast</subfield><subfield code="0">(OCoLC)fst01228790</subfield></datafield><datafield ind1=" " ind2=" " tag="752"><subfield code="a">United States</subfield><subfield code="b">Washington</subfield><subfield code="c">Lincoln</subfield><subfield code="d">Sprague.</subfield></datafield><datafield ind1="0" ind2="0" tag="780"><subfield code="t">Inland advocate</subfield><subfield code="w">(DLC)sn 88085982</subfield></datafield></record>